@manual{lpd_manual,
title="LPD Project ASIC Manual aka XFEL ASIC",
author="Matthew Hart, Davide Braga and Michelle Key-Charriere",
edition="1.0"
}

@techreport{xfel_veto_spec,
title="Specification of the VETO system at European XFEL",
author="Patrick Gessler and John Coughlan and Thomas Gerlach and Peter Goettlicher",
institution="European XFEL",
year="2012",
month="April",
version="0.5"
}

@manual{locallink_spec,
title="LocalLink Interface Specification",
organization="Xilinx",
edition="2.0",
year="2005",
month="July"
}